@ref1{shao2019survey,
      title={A Survey of Deep Reinforcement Learning in Video Games}, 
      author={Kun Shao and Zhentao Tang and Yuanheng Zhu and Nannan Li and Dongbin Zhao},
      year={2019},
      eprint={1912.10944},
      archivePrefix={arXiv},
      primaryClass={cs.MA}
}

@ref2{mnih2013playing,
      title={Playing Atari with Deep Reinforcement Learning}, 
      author={Volodymyr Mnih and Koray Kavukcuoglu and David Silver and Alex Graves and Ioannis Antonoglou and Daan Wierstra and Martin Riedmiller},
      year={2013},
      eprint={1312.5602},
      archivePrefix={arXiv},
      primaryClass={cs.LG}
}

@ref3{alphago,
author = {Silver, David and Huang, Aja and Maddison, Christopher and Guez, Arthur and Sifre, Laurent and Driessche, George and Schrittwieser, Julian and Antonoglou, Ioannis and Panneershelvam, Veda and Lanctot, Marc and Dieleman, Sander and Grewe, Dominik and Nham, John and Kalchbrenner, Nal and Sutskever, Ilya and Lillicrap, Timothy and Leach, Madeleine and Kavukcuoglu, Koray and Graepel, Thore and Hassabis, Demis},
year = {2016},
month = {01},
pages = {484-489},
title = {Mastering the game of Go with deep neural networks and tree search},
volume = {529},
journal = {Nature},
doi = {10.1038/nature16961}
}

@ref4{silver2017mastering,
      title={Mastering Chess and Shogi by Self-Play with a General Reinforcement Learning Algorithm}, 
      author={David Silver and Thomas Hubert and Julian Schrittwieser and Ioannis Antonoglou and Matthew Lai and Arthur Guez and Marc Lanctot and Laurent Sifre and Dharshan Kumaran and Thore Graepel and Timothy Lillicrap and Karen Simonyan and Demis Hassabis},
      year={2017},
      eprint={1712.01815},
      archivePrefix={arXiv},
      primaryClass={cs.AI}
}

@ref5{openai2019dota,
      title={Dota 2 with Large Scale Deep Reinforcement Learning}, 
      author={OpenAI and Christopher Berner and Greg Brockman and Brooke Chan and Vicki Cheung and Przemyslaw Debiak and Christy Dennison and David Farhi and Quirin Fischer and Shariq Hashme and Chris Hesse and Rafal Józefowicz and Scott Gray and Catherine Olsson and Jakub Pachocki and Michael Petrov and Henrique P. d. O. Pinto and Jonathan Raiman and Tim Salimans and Jeremy Schlatter and Jonas Schneider and Szymon Sidor and Ilya Sutskever and Jie Tang and Filip Wolski and Susan Zhang},
      year={2019},
      eprint={1912.06680},
      archivePrefix={arXiv},
      primaryClass={cs.LG}
}

@ref6{oroojlooyjadid2021review,
      title={A Review of Cooperative Multi-Agent Deep Reinforcement Learning}, 
      author={Afshin OroojlooyJadid and Davood Hajinezhad},
      year={2021},
      eprint={1908.03963},
      archivePrefix={arXiv},
      primaryClass={cs.LG}
}

@ref7{baker2020emergent,
      title={Emergent Tool Use From Multi-Agent Autocurricula}, 
      author={Bowen Baker and Ingmar Kanitscheider and Todor Markov and Yi Wu and Glenn Powell and Bob McGrew and Igor Mordatch},
      year={2020},
      eprint={1909.07528},
      archivePrefix={arXiv},
      primaryClass={cs.LG}
}

@ref8{robotics2030122,
AUTHOR = {Kormushev, Petar and Calinon, Sylvain and Caldwell, Darwin G.},
TITLE = {Reinforcement Learning in Robotics: Applications and Real-World Challenges},
JOURNAL = {Robotics},
VOLUME = {2},
YEAR = {2013},
NUMBER = {3},
PAGES = {122--148},
URL = {https://www.mdpi.com/2218-6581/2/3/122},
ISSN = {2218-6581}
}

@ref9{RLRS,
author = {Jens Kober and J. Andrew Bagnell and Jan Peters},
title ={Reinforcement learning in robotics: A survey},
journal = {The International Journal of Robotics Research},
volume = {32},
number = {11},
pages = {1238-1274},
year = {2013},
doi = {10.1177/0278364913495721},
URL = {https://doi.org/10.1177/0278364913495721},
eprint = {https://doi.org/10.1177/0278364913495721}
}

@ref10{RLR,
author = {Julian Ibarz and Jie Tan and Chelsea Finn and Mrinal Kalakrishnan and Peter Pastor and Sergey Levine},
title ={How to train your robot with deep reinforcement learning: lessons we have learned},
journal = {The International Journal of Robotics Research},
volume = {40},
number = {4-5},
pages = {698-721},
year = {2021},
doi = {10.1177/0278364920987859},
URL = {https://doi.org/10.1177/0278364920987859},
eprint = {https://doi.org/10.1177/0278364920987859}
}

@ref11{openai2019learning,
      title={Learning Dexterous In-Hand Manipulation}, 
      author={OpenAI and Marcin Andrychowicz and Bowen Baker and Maciek Chociej and Rafal Jozefowicz and Bob McGrew and Jakub Pachocki and Arthur Petron and Matthias Plappert and Glenn Powell and Alex Ray and Jonas Schneider and Szymon Sidor and Josh Tobin and Peter Welinder and Lilian Weng and Wojciech Zaremba},
      year={2019},
      eprint={1808.00177},
      archivePrefix={arXiv},
      primaryClass={cs.LG}
}

@ref12{andrychowicz2018hindsight,
      title={Hindsight Experience Replay}, 
      author={Marcin Andrychowicz and Filip Wolski and Alex Ray and Jonas Schneider and Rachel Fong and Peter Welinder and Bob McGrew and Josh Tobin and Pieter Abbeel and Wojciech Zaremba},
      year={2018},
      eprint={1707.01495},
      archivePrefix={arXiv},
      primaryClass={cs.LG}
}

@ref13{plappert2018multigoal,
      title={Multi-Goal Reinforcement Learning: Challenging Robotics Environments and Request for Research}, 
      author={Matthias Plappert and Marcin Andrychowicz and Alex Ray and Bob McGrew and Bowen Baker and Glenn Powell and Jonas Schneider and Josh Tobin and Maciek Chociej and Peter Welinder and Vikash Kumar and Wojciech Zaremba},
      year={2018},
      eprint={1802.09464},
      archivePrefix={arXiv},
      primaryClass={cs.LG}
}

@ref14{lanier2019curiositydriven,
      title={Curiosity-Driven Multi-Criteria Hindsight Experience Replay}, 
      author={John B. Lanier and Stephen McAleer and Pierre Baldi},
      year={2019},
      eprint={1906.03710},
      archivePrefix={arXiv},
      primaryClass={cs.LG}
}

@ref15{goecks2020integrating,
      title={Integrating Behavior Cloning and Reinforcement Learning for Improved Performance in Dense and Sparse Reward Environments}, 
      author={Vinicius G. Goecks and Gregory M. Gremillion and Vernon J. Lawhern and John Valasek and Nicholas R. Waytowich},
      year={2020},
      eprint={1910.04281},
      archivePrefix={arXiv},
      primaryClass={cs.LG}
}

@ref16{nair2018overcoming,
      title={Overcoming Exploration in Reinforcement Learning with Demonstrations}, 
      author={Ashvin Nair and Bob McGrew and Marcin Andrychowicz and Wojciech Zaremba and Pieter Abbeel},
      year={2018},
      eprint={1709.10089},
      archivePrefix={arXiv},
      primaryClass={cs.LG}
}

@ref17{nagpal2020reward,
      title={Reward Engineering for Object Pick and Place Training}, 
      author={Raghav Nagpal and Achyuthan Unni Krishnan and Hanshen Yu},
      year={2020},
      eprint={2001.03792},
      archivePrefix={arXiv},
      primaryClass={cs.AI}
}

@ref18{codevilla2019exploring,
      title={Exploring the Limitations of Behavior Cloning for Autonomous Driving}, 
      author={Felipe Codevilla and Eder Santana and Antonio M. López and Adrien Gaidon},
      year={2019},
      eprint={1904.08980},
      archivePrefix={arXiv},
      primaryClass={cs.CV}
}

@ref19{ARGALL2009469,
title = {A survey of robot learning from demonstration},
journal = {Robotics and Autonomous Systems},
volume = {57},
number = {5},
pages = {469-483},
year = {2009},
issn = {0921-8890},
doi = {https://doi.org/10.1016/j.robot.2008.10.024},
url = {https://www.sciencedirect.com/science/article/pii/S0921889008001772},
author = {Brenna D. Argall and Sonia Chernova and Manuela Veloso and Brett Browning},
keywords = {Learning from demonstration, Robotics, Machine learning, Autonomous systems},
}

@ref20{RLFD,
author = {Ravichandar, Harish and Polydoros, Athanasios and Chernova, Sonia and Billard, Aude},
year = {2020},
month = {05},
pages = {},
title = {Recent Advances in Robot Learning from Demonstration},
volume = {3},
journal = {Annual Review of Control, Robotics, and Autonomous Systems},
doi = {10.1146/annurev-control-100819-063206}
}

@ref21{gao2019reinforcement,
      title={Reinforcement Learning from Imperfect Demonstrations}, 
      author={Yang Gao and Huazhe Xu and Ji Lin and Fisher Yu and Sergey Levine and Trevor Darrell},
      year={2019},
      eprint={1802.05313},
      archivePrefix={arXiv},
      primaryClass={cs.AI}
}

@ref22{vecerik2018leveraging,
      title={Leveraging Demonstrations for Deep Reinforcement Learning on Robotics Problems with Sparse Rewards}, 
      author={Mel Vecerik and Todd Hester and Jonathan Scholz and Fumin Wang and Olivier Pietquin and Bilal Piot and Nicolas Heess and Thomas Rothörl and Thomas Lampe and Martin Riedmiller},
      year={2018},
      eprint={1707.08817},
      archivePrefix={arXiv},
      primaryClass={cs.AI}
}

@ref23{Dewey2014ReinforcementLA,
  title={Reinforcement Learning and the Reward Engineering Principle},
  author={Dan Dewey},
  booktitle={AAAI Spring Symposia},
  year={2014}
}

@ref24{Konidaris2006AutonomousSK,
  title={Autonomous shaping: knowledge transfer in reinforcement learning},
  author={George Dimitri Konidaris and Andrew G. Barto},
  journal={Proceedings of the 23rd international conference on Machine learning},
  year={2006}
}

@ref25{Taylor2009TransferLF,
  title={Transfer Learning for Reinforcement Learning Domains: A Survey},
  author={Matthew E. Taylor and Peter Stone},
  journal={J. Mach. Learn. Res.},
  year={2009},
  volume={10},
  pages={1633-1685}
}

@ref26{zhu2020ingredients,
      title={The Ingredients of Real-World Robotic Reinforcement Learning}, 
      author={Henry Zhu and Justin Yu and Abhishek Gupta and Dhruv Shah and Kristian Hartikainen and Avi Singh and Vikash Kumar and Sergey Levine},
      year={2020},
      eprint={2004.12570},
      archivePrefix={arXiv},
      primaryClass={cs.LG}
}

@ref27{TLMARLS,
author = {Silva, Felipe and Costa, Anna},
year = {2019},
month = {03},
pages = {},
title = {A Survey on Transfer Learning for Multiagent Reinforcement Learning Systems},
volume = {64},
journal = {Journal of Artificial Intelligence Research},
doi = {10.1613/jair.1.11396}
}

@ref28{zhu2021transfer,
      title={Transfer Learning in Deep Reinforcement Learning: A Survey}, 
      author={Zhuangdi Zhu and Kaixiang Lin and Jiayu Zhou},
      year={2021},
      eprint={2009.07888},
      archivePrefix={arXiv},
      primaryClass={cs.LG}
}

@ref29{brockman2016openai,
      title={OpenAI Gym}, 
      author={Greg Brockman and Vicki Cheung and Ludwig Pettersson and Jonas Schneider and John Schulman and Jie Tang and Wojciech Zaremba},
      year={2016},
      eprint={1606.01540},
      archivePrefix={arXiv},
      primaryClass={cs.LG}
}

@ref30{MJC,
  author={Todorov, Emanuel and Erez, Tom and Tassa, Yuval},
  booktitle={2012 IEEE/RSJ International Conference on Intelligent Robots and Systems}, 
  title={MuJoCo: A physics engine for model-based control}, 
  year={2012},
  volume={},
  number={},
  pages={5026-5033},
  doi={10.1109/IROS.2012.6386109}}

@ref31{ILRL,
  author={Kober, Jens and Peters, Jan},
  journal={IEEE Robotics   Automation Magazine}, 
  title={Imitation and Reinforcement Learning}, 
  year={2010},
  volume={17},
  number={2},
  pages={55-62},
  doi={10.1109/MRA.2010.936952}}
  
 @ref32{reddy2019sqil,
      title={SQIL: Imitation Learning via Reinforcement Learning with Sparse Rewards}, 
      author={Siddharth Reddy and Anca D. Dragan and Sergey Levine},
      year={2019},
      eprint={1905.11108},
      archivePrefix={arXiv},
      primaryClass={cs.LG}
}

@ref33{ILTLRL,
AUTHOR = {Hua, Jiang and Zeng, Liangcai and Li, Gongfa and Ju, Zhaojie},
TITLE = {Learning for a Robot: Deep Reinforcement Learning, Imitation Learning, Transfer Learning},
JOURNAL = {Sensors},
VOLUME = {21},
YEAR = {2021},
NUMBER = {4},
ARTICLE-NUMBER = {1278},
URL = {https://www.mdpi.com/1424-8220/21/4/1278},
PubMedID = {33670109},
ISSN = {1424-8220},
DOI = {10.3390/s21041278}
}

@ref34{wiki,
   author = "{Wikipedia contributors}",
   title = "Plagiarism --- {W}ikipedia{,} The Free Encyclopedia",
   year = "2004",
   url = "https://en.wikipedia.org/w/index.php?title=Plagiarism&oldid=5139350",
   note = "[Online; accessed 22-July-2004]"
 }
 
@ref35{Sutton1998,
  added-at = {2019-07-13T10:11:53.000+0200},
  author = {Sutton, Richard S. and Barto, Andrew G.},
  biburl = {https://www.bibsonomy.org/bibtex/2f46601cf8b13d39d1378af0d79438b12/lanteunis},
  edition = {Second},
  interhash = {ac6b144aaec1819919a2fba9f705c852},
  intrahash = {f46601cf8b13d39d1378af0d79438b12},
  keywords = {},
  publisher = {The MIT Press},
  timestamp = {2019-07-13T10:11:53.000+0200},
  title = {Reinforcement Learning: An Introduction},
  url = {http://incompleteideas.net/book/the-book-2nd.html},
  year = {2018 }
}

@ref36{sumanth2020enhanced,
      title={Enhanced Behavioral Cloning Based self-driving Car Using Transfer Learning}, 
      author={Uppala Sumanth and Narinder Singh Punn and Sanjay Kumar Sonbhadra and Sonali Agarwal},
      year={2020},
      eprint={2007.05740},
      archivePrefix={arXiv},
      primaryClass={cs.CV}
}

@ref37{BCAD,
   title={Robust Behavioral Cloning for Autonomous Vehicles Using End-to-End Imitation Learning},
   volume={4},
   ISSN={2574-075X},
   url={http://dx.doi.org/10.4271/12-04-03-0023},
   DOI={10.4271/12-04-03-0023},
   number={3},
   journal={SAE International Journal of Connected and Automated Vehicles},
   publisher={SAE International},
   author={Samak, Tanmay Vilas and Samak, Chinmay Vilas and Kandhasamy, Sivanathan},
   year={2021},
   month={Aug}
}

@ref38{shah2017airsim,
      title={AirSim: High-Fidelity Visual and Physical Simulation for Autonomous Vehicles}, 
      author={Shital Shah and Debadeepta Dey and Chris Lovett and Ashish Kapoor},
      year={2017},
      eprint={1705.05065},
      archivePrefix={arXiv},
      primaryClass={cs.RO}
}

@ref39{lillicrap2019continuous,
      title={Continuous control with deep reinforcement learning}, 
      author={Timothy P. Lillicrap and Jonathan J. Hunt and Alexander Pritzel and Nicolas Heess and Tom Erez and Yuval Tassa and David Silver and Daan Wierstra},
      year={2019},
      eprint={1509.02971},
      archivePrefix={arXiv},
      primaryClass={cs.LG}
}

@ref40{fujimoto2018addressing,
      title={Addressing Function Approximation Error in Actor-Critic Methods}, 
      author={Scott Fujimoto and Herke van Hoof and David Meger},
      year={2018},
      eprint={1802.09477},
      archivePrefix={arXiv},
      primaryClass={cs.AI}
}

@ref41{100PML,
author = {Vijay K. Vemuri},
title = {The Hundred-Page Machine Learning Book},
journal = {Journal of Information Technology Case and Application Research},
volume = {22},
number = {2},
pages = {136-138},
year  = {2020},
publisher = {Routledge},
doi = {10.1080/15228053.2020.1766224},
URL = {https://doi.org/10.1080/15228053.2020.1766224},
eprint = {https://doi.org/10.1080/15228053.2020.1766224}
}

@ref42{BE,
editor="Sammut, Claude
and Webb, Geoffrey I.",
title="Bellman Equation",
bookTitle="Encyclopedia of Machine Learning",
year="2010",
publisher="Springer US",
address="Boston, MA",
pages="97--97",
isbn="978-0-387-30164-8",
doi="10.1007/978-0-387-30164-8_71",
url="https://doi.org/10.1007/978-0-387-30164-8_71"
}

@ref43{FMDP,
author = {Puterman, Martin L.},
title = {Markov Decision Processes: Discrete Stochastic Dynamic Programming},
year = {1994},
isbn = {0471619779},
publisher = {John Wiley & Sons, Inc.},
address = {USA},
edition = {1st},
}

@ref44{DPBE,
author = {Bellman, Richard},
title = {Dynamic Programming},
year = {2010},
isbn = {0691146683},
publisher = {Princeton University Press},
address = {USA},
}

@ref45{zou2019finitesample,
      title={Finite-Sample Analysis for SARSA with Linear Function Approximation}, 
      author={Shaofeng Zou and Tengyu Xu and Yingbin Liang},
      year={2019},
      eprint={1902.02234},
      archivePrefix={arXiv},
      primaryClass={cs.LG}
}

@ref46{QL,
author = {Watkins, Christopher and Dayan, Peter},
year = {1992},
month = {05},
pages = {279-292},
title = {Technical Note: Q-Learning},
volume = {8},
journal = {Machine Learning},
doi = {10.1007/BF00992698}
}

@ref47{mcculloch1943logical,
  title={A logical calculus of the ideas immanent in nervous activity},
  author={McCulloch, Warren S and Pitts, Walter},
  journal={The bulletin of mathematical biophysics},
  volume={5},
  number={4},
  pages={115--133},
  year={1943},
  publisher={Springer}
} 

@ref48{ANNPic,
author = {Bre, Facundo and Gimenez, Juan and Fachinotti, Víctor},
year = {2017},
month = {11},
pages = {},
title = {Prediction of wind pressure coefficients on building surfaces using Artificial Neural Networks},
volume = {158},
journal = {Energy and Buildings},
doi = {10.1016/j.enbuild.2017.11.045}
}

@ref49{rosenblatt1958perceptron,
  added-at = {2017-07-19T15:29:59.000+0200},
  author = {Rosenblatt, F.},
  biburl = {https://www.bibsonomy.org/bibtex/214ee8da21c66cd4d00d7ab6eca2d96a9/andreashdez},
  citeulike-article-id = {13697582},
  citeulike-linkout-0 = {http://dx.doi.org/10.1037/h0042519},
  doi = {10.1037/h0042519},
  interhash = {dc0cef9dc06033a04f525efdcde7a660},
  intrahash = {14ee8da21c66cd4d00d7ab6eca2d96a9},
  issn = {0033-295X},
  journal = {Psychological Review},
  keywords = {imported},
  number = 6,
  pages = {386--408},
  posted-at = {2016-05-02 20:23:36},
  priority = {2},
  timestamp = {2017-07-19T15:31:02.000+0200},
  title = {{The perceptron: A probabilistic model for information storage and organization in the brain.}},
  url = {http://dx.doi.org/10.1037/h0042519},
  volume = 65,
  year = 1958
}

@ref50{kelley1960gradient,
  title={Gradient theory of optimal flight paths},
  author={Kelley, Henry J},
  journal={Ars Journal},
  volume={30},
  number={10},
  pages={947--954},
  year={1960}
} 

@ref51{ruder2016overview,
  title={An overview of gradient descent optimization algorithms},
  author={Ruder, Sebastian},
  journal={arXiv preprint arXiv:1609.04747},
  year={2016}
} 

@ref52{Konda00actor-criticalgorithms,
    author = {Vijay Konda and John Tsitsiklis},
    title = {Actor-Critic Algorithms},
    booktitle = {SIAM Journal on Control and Optimization},
    year = {2000},
    pages = {1008--1014},
    publisher = {MIT Press}
}

@ref53{PG,
author = {Sutton, Richard S. and McAllester, David and Singh, Satinder and Mansour, Yishay},
title = {Policy Gradient Methods for Reinforcement Learning with Function Approximation},
year = {1999},
publisher = {MIT Press},
address = {Cambridge, MA, USA},
booktitle = {Proceedings of the 12th International Conference on Neural Information Processing Systems},
pages = {1057–1063},
numpages = {7},
location = {Denver, CO},
series = {NIPS'99}
}

@ref54{TD,
author = {Apostol, Klaas},
title = {Temporal Difference Learning},
year = {2012},
isbn = {6139274524},
publisher = {SaluPress},
}

@ref55{haarnoja2018soft,
      title={Soft Actor-Critic: Off-Policy Maximum Entropy Deep Reinforcement Learning with a Stochastic Actor}, 
      author={Tuomas Haarnoja and Aurick Zhou and Pieter Abbeel and Sergey Levine},
      year={2018},
      eprint={1801.01290},
      archivePrefix={arXiv},
      primaryClass={cs.LG}
}

@ref56{vanhasselt2015deep,
      title={Deep Reinforcement Learning with Double Q-learning}, 
      author={Hado van Hasselt and Arthur Guez and David Silver},
      year={2015},
      eprint={1509.06461},
      archivePrefix={arXiv},
      primaryClass={cs.LG}
}

@ref57{plappert2018parameter,
      title={Parameter Space Noise for Exploration}, 
      author={Matthias Plappert and Rein Houthooft and Prafulla Dhariwal and Szymon Sidor and Richard Y. Chen and Xi Chen and Tamim Asfour and Pieter Abbeel and Marcin Andrychowicz},
      year={2018},
      eprint={1706.01905},
      archivePrefix={arXiv},
      primaryClass={cs.LG}
}

@ref58{burda2018exploration,
      title={Exploration by Random Network Distillation}, 
      author={Yuri Burda and Harrison Edwards and Amos Storkey and Oleg Klimov},
      year={2018},
      eprint={1810.12894},
      archivePrefix={arXiv},
      primaryClass={cs.LG}
}

@ref59{fedus2020revisiting,
      title={Revisiting Fundamentals of Experience Replay}, 
      author={William Fedus and Prajit Ramachandran and Rishabh Agarwal and Yoshua Bengio and Hugo Larochelle and Mark Rowland and Will Dabney},
      year={2020},
      eprint={2007.06700},
      archivePrefix={arXiv},
      primaryClass={cs.LG}
}

@ref60{zhang2018deeper,
      title={A Deeper Look at Experience Replay}, 
      author={Shangtong Zhang and Richard S. Sutton},
      year={2018},
      eprint={1712.01275},
      archivePrefix={arXiv},
      primaryClass={cs.LG}
}

@ref61{schaul2016prioritized,
      title={Prioritized Experience Replay}, 
      author={Tom Schaul and John Quan and Ioannis Antonoglou and David Silver},
      year={2016},
      eprint={1511.05952},
      archivePrefix={arXiv},
      primaryClass={cs.LG}
}

@ref62{lowe2020multiagent,
      title={Multi-Agent Actor-Critic for Mixed Cooperative-Competitive Environments}, 
      author={Ryan Lowe and Yi Wu and Aviv Tamar and Jean Harb and Pieter Abbeel and Igor Mordatch},
      year={2020},
      eprint={1706.02275},
      archivePrefix={arXiv},
      primaryClass={cs.LG}
}

@ref63{HERER,
  author={Nguyen, Hai and La, Hung Manh and Deans, Matthew},
  booktitle={2019 Joint IEEE 9th International Conference on Development and Learning and Epigenetic Robotics (ICDL-EpiRob)}, 
  title={Hindsight Experience Replay With Experience Ranking}, 
  year={2019},
  volume={},
  number={},
  pages={1-6},
  doi={10.1109/DEVLRN.2019.8850705}}
